<?xml version="1.0" encoding="UTF-8"?><collection xmlns="http://www.loc.gov/MARC21/slim"><record><leader>00545nam--2200181-u-4500</leader><controlfield tag="001">000052210</controlfield><controlfield tag="002">20161230</controlfield><controlfield tag="005">20161230201050</controlfield><controlfield tag="008">100521s1000------------r-----000-0-rus-d</controlfield><datafield ind1=" " ind2=" " tag="040"><subfield code="a">IFIN-HH</subfield></datafield><datafield ind1="1" ind2=" " tag="100"><subfield code="a">Prohorov, Iu.V</subfield></datafield><datafield ind1="1" ind2="0" tag="245"><subfield code="a">Teoria veroiatnosteii</subfield><subfield code="b">Osnovnie poniatiia predeliniie teoremi sluceainiie protessi</subfield><subfield code="c">Iu.V. Prohorov; Iu.A. Rozanov</subfield></datafield><datafield ind1=" " ind2=" " tag="260"><subfield code="a">Moskva</subfield><subfield code="b">Nauka</subfield><subfield code="c">1967</subfield></datafield><datafield ind1=" " ind2=" " tag="300"><subfield code="a">495 p</subfield></datafield><datafield ind1=" " ind2=" " tag="490"><subfield code="a">Spravocenaia Matematiceskaia Biblioteka</subfield></datafield><datafield ind1="2" ind2=" " tag="700"><subfield code="a">Rozanov, Iu.A</subfield></datafield><datafield ind1=" " ind2=" " tag="852"><subfield code="a">27767</subfield><subfield code="c">519.2</subfield></datafield><datafield ind1=" " ind2=" " tag="CAT"><subfield code="a">Sys</subfield><subfield code="c">20100521</subfield><subfield code="h">105021</subfield></datafield></record></collection>